%YAML 1.1
%TAG !u! tag:unity3d.com,2011:
--- !u!29 &1
OcclusionCullingSettings:
  m_ObjectHideFlags: 0
  serializedVersion: 2
  m_OcclusionBakeSettings:
    smallestOccluder: 5
    smallestHole: 0.25
    backfaceThreshold: 100
  m_SceneGUID: 00000000000000000000000000000000
  m_OcclusionCullingData: {fileID: 0}
--- !u!104 &2
RenderSettings:
  m_ObjectHideFlags: 0
  serializedVersion: 9
  m_Fog: 0
  m_FogColor: {r: 0.5, g: 0.5, b: 0.5, a: 1}
  m_FogMode: 3
  m_FogDensity: 0.01
  m_LinearFogStart: 0
  m_LinearFogEnd: 300
  m_AmbientSkyColor: {r: 0.212, g: 0.227, b: 0.259, a: 1}
  m_AmbientEquatorColor: {r: 0.114, g: 0.125, b: 0.133, a: 1}
  m_AmbientGroundColor: {r: 0.047, g: 0.043, b: 0.035, a: 1}
  m_AmbientIntensity: 1
  m_AmbientMode: 3
  m_SubtractiveShadowColor: {r: 0.42, g: 0.478, b: 0.627, a: 1}
  m_SkyboxMaterial: {fileID: 0}
  m_HaloStrength: 0.5
  m_FlareStrength: 1
  m_FlareFadeSpeed: 3
  m_HaloTexture: {fileID: 0}
  m_SpotCookie: {fileID: 10001, guid: 0000000000000000e000000000000000, type: 0}
  m_DefaultReflectionMode: 0
  m_DefaultReflectionResolution: 128
  m_ReflectionBounces: 1
  m_ReflectionIntensity: 1
  m_CustomReflection: {fileID: 0}
  m_Sun: {fileID: 0}
  m_IndirectSpecularColor: {r: 0, g: 0, b: 0, a: 1}
  m_UseRadianceAmbientProbe: 0
--- !u!157 &3
LightmapSettings:
  m_ObjectHideFlags: 0
  serializedVersion: 11
  m_GIWorkflowMode: 1
  m_GISettings:
    serializedVersion: 2
    m_BounceScale: 1
    m_IndirectOutputScale: 1
    m_AlbedoBoost: 1
    m_EnvironmentLightingMode: 0
    m_EnableBakedLightmaps: 0
    m_EnableRealtimeLightmaps: 0
  m_LightmapEditorSettings:
    serializedVersion: 12
    m_Resolution: 2
    m_BakeResolution: 40
    m_AtlasSize: 1024
    m_AO: 0
    m_AOMaxDistance: 1
    m_CompAOExponent: 1
    m_CompAOExponentDirect: 0
    m_ExtractAmbientOcclusion: 0
    m_Padding: 2
    m_LightmapParameters: {fileID: 0}
    m_LightmapsBakeMode: 1
    m_TextureCompression: 1
    m_FinalGather: 0
    m_FinalGatherFiltering: 1
    m_FinalGatherRayCount: 256
    m_ReflectionCompression: 2
    m_MixedBakeMode: 2
    m_BakeBackend: 0
    m_PVRSampling: 1
    m_PVRDirectSampleCount: 32
    m_PVRSampleCount: 500
    m_PVRBounces: 2
    m_PVREnvironmentSampleCount: 500
    m_PVREnvironmentReferencePointCount: 2048
    m_PVRFilteringMode: 2
    m_PVRDenoiserTypeDirect: 0
    m_PVRDenoiserTypeIndirect: 0
    m_PVRDenoiserTypeAO: 0
    m_PVRFilterTypeDirect: 0
    m_PVRFilterTypeIndirect: 0
    m_PVRFilterTypeAO: 0
    m_PVREnvironmentMIS: 0
    m_PVRCulling: 1
    m_PVRFilteringGaussRadiusDirect: 1
    m_PVRFilteringGaussRadiusIndirect: 5
    m_PVRFilteringGaussRadiusAO: 2
    m_PVRFilteringAtrousPositionSigmaDirect: 0.5
    m_PVRFilteringAtrousPositionSigmaIndirect: 2
    m_PVRFilteringAtrousPositionSigmaAO: 1
    m_ExportTrainingData: 0
    m_TrainingDataDestination: TrainingData
  m_LightingDataAsset: {fileID: 0}
  m_UseShadowmask: 1
--- !u!196 &4
NavMeshSettings:
  serializedVersion: 2
  m_ObjectHideFlags: 0
  m_BuildSettings:
    serializedVersion: 2
    agentTypeID: 0
    agentRadius: 0.5
    agentHeight: 2
    agentSlope: 45
    agentClimb: 0.4
    ledgeDropHeight: 0
    maxJumpAcrossDistance: 0
    minRegionArea: 2
    manualCellSize: 0
    cellSize: 0.16666667
    manualTileSize: 0
    tileSize: 256
    accuratePlacement: 0
    debug:
      m_Flags: 0
  m_NavMeshData: {fileID: 0}
--- !u!1 &229666145
GameObject:
  m_ObjectHideFlags: 0
  m_CorrespondingSourceObject: {fileID: 0}
  m_PrefabInstance: {fileID: 0}
  m_PrefabAsset: {fileID: 0}
  serializedVersion: 6
  m_Component:
  - component: {fileID: 229666147}
  - component: {fileID: 229666146}
  m_Layer: 0
  m_Name: Waypoint
  m_TagString: Untagged
  m_Icon: {fileID: 0}
  m_NavMeshLayer: 0
  m_StaticEditorFlags: 0
  m_IsActive: 1
--- !u!212 &229666146
SpriteRenderer:
  m_ObjectHideFlags: 0
  m_CorrespondingSourceObject: {fileID: 0}
  m_PrefabInstance: {fileID: 0}
  m_PrefabAsset: {fileID: 0}
  m_GameObject: {fileID: 229666145}
  m_Enabled: 1
  m_CastShadows: 0
  m_ReceiveShadows: 0
  m_DynamicOccludee: 1
  m_MotionVectors: 1
  m_LightProbeUsage: 1
  m_ReflectionProbeUsage: 1
  m_RenderingLayerMask: 1
  m_RendererPriority: 0
  m_Materials:
  - {fileID: 10754, guid: 0000000000000000f000000000000000, type: 0}
  m_StaticBatchInfo:
    firstSubMesh: 0
    subMeshCount: 0
  m_StaticBatchRoot: {fileID: 0}
  m_ProbeAnchor: {fileID: 0}
  m_LightProbeVolumeOverride: {fileID: 0}
  m_ScaleInLightmap: 1
  m_ReceiveGI: 1
  m_PreserveUVs: 0
  m_IgnoreNormalsForChartDetection: 0
  m_ImportantGI: 0
  m_StitchLightmapSeams: 1
  m_SelectedEditorRenderState: 0
  m_MinimumChartSize: 4
  m_AutoUVMaxDistance: 0.5
  m_AutoUVMaxAngle: 89
  m_LightmapParameters: {fileID: 0}
  m_SortingLayerID: 0
  m_SortingLayer: 0
  m_SortingOrder: 0
  m_Sprite: {fileID: 10913, guid: 0000000000000000f000000000000000, type: 0}
  m_Color: {r: 1, g: 1, b: 1, a: 1}
  m_FlipX: 0
  m_FlipY: 0
  m_DrawMode: 0
  m_Size: {x: 0.2, y: 0.2}
  m_AdaptiveModeThreshold: 0.5
  m_SpriteTileMode: 0
  m_WasSpriteAssigned: 1
  m_MaskInteraction: 0
  m_SpriteSortPoint: 0
--- !u!4 &229666147
Transform:
  m_ObjectHideFlags: 0
  m_CorrespondingSourceObject: {fileID: 0}
  m_PrefabInstance: {fileID: 0}
  m_PrefabAsset: {fileID: 0}
  m_GameObject: {fileID: 229666145}
  m_LocalRotation: {x: 0, y: 0, z: 0, w: 1}
  m_LocalPosition: {x: -7.8, y: 3.73, z: 0}
  m_LocalScale: {x: 0.5, y: 0.5, z: 1}
  m_Children: []
  m_Father: {fileID: 0}
  m_RootOrder: 8
  m_LocalEulerAnglesHint: {x: 0, y: 0, z: 0}
--- !u!1001 &230434628
PrefabInstance:
  m_ObjectHideFlags: 0
  serializedVersion: 2
  m_Modification:
    m_TransformParent: {fileID: 0}
    m_Modifications:
    - target: {fileID: 2396748159263601713, guid: da02edbcbd22bfe4d90ff3b8467f5cd8,
        type: 3}
      propertyPath: m_Name
      value: ProjectileTower (3)
      objectReference: {fileID: 0}
    - target: {fileID: 2396748159263601718, guid: da02edbcbd22bfe4d90ff3b8467f5cd8,
        type: 3}
      propertyPath: m_LocalPosition.x
      value: -7.6299996
      objectReference: {fileID: 0}
    - target: {fileID: 2396748159263601718, guid: da02edbcbd22bfe4d90ff3b8467f5cd8,
        type: 3}
      propertyPath: m_LocalPosition.y
      value: -5.95
      objectReference: {fileID: 0}
    - target: {fileID: 2396748159263601718, guid: da02edbcbd22bfe4d90ff3b8467f5cd8,
        type: 3}
      propertyPath: m_LocalPosition.z
      value: -1.8576524
      objectReference: {fileID: 0}
    - target: {fileID: 2396748159263601718, guid: da02edbcbd22bfe4d90ff3b8467f5cd8,
        type: 3}
      propertyPath: m_LocalRotation.x
      value: 0
      objectReference: {fileID: 0}
    - target: {fileID: 2396748159263601718, guid: da02edbcbd22bfe4d90ff3b8467f5cd8,
        type: 3}
      propertyPath: m_LocalRotation.y
      value: 0
      objectReference: {fileID: 0}
    - target: {fileID: 2396748159263601718, guid: da02edbcbd22bfe4d90ff3b8467f5cd8,
        type: 3}
      propertyPath: m_LocalRotation.z
      value: 0
      objectReference: {fileID: 0}
    - target: {fileID: 2396748159263601718, guid: da02edbcbd22bfe4d90ff3b8467f5cd8,
        type: 3}
      propertyPath: m_LocalRotation.w
      value: 1
      objectReference: {fileID: 0}
    - target: {fileID: 2396748159263601718, guid: da02edbcbd22bfe4d90ff3b8467f5cd8,
        type: 3}
      propertyPath: m_RootOrder
      value: 10
      objectReference: {fileID: 0}
    - target: {fileID: 2396748159263601718, guid: da02edbcbd22bfe4d90ff3b8467f5cd8,
        type: 3}
      propertyPath: m_LocalEulerAnglesHint.x
      value: 0
      objectReference: {fileID: 0}
    - target: {fileID: 2396748159263601718, guid: da02edbcbd22bfe4d90ff3b8467f5cd8,
        type: 3}
      propertyPath: m_LocalEulerAnglesHint.y
      value: 0
      objectReference: {fileID: 0}
    - target: {fileID: 2396748159263601718, guid: da02edbcbd22bfe4d90ff3b8467f5cd8,
        type: 3}
      propertyPath: m_LocalEulerAnglesHint.z
      value: 0
      objectReference: {fileID: 0}
    m_RemovedComponents: []
  m_SourcePrefab: {fileID: 100100000, guid: da02edbcbd22bfe4d90ff3b8467f5cd8, type: 3}
--- !u!1 &247342497 stripped
GameObject:
  m_CorrespondingSourceObject: {fileID: 6065850495373851084, guid: 6e07cf35680bee74ab420e55f9ab74b9,
    type: 3}
  m_PrefabInstance: {fileID: 6065850495482502253}
  m_PrefabAsset: {fileID: 0}
--- !u!212 &247342500
SpriteRenderer:
  m_ObjectHideFlags: 0
  m_CorrespondingSourceObject: {fileID: 0}
  m_PrefabInstance: {fileID: 0}
  m_PrefabAsset: {fileID: 0}
  m_GameObject: {fileID: 247342497}
  m_Enabled: 1
  m_CastShadows: 0
  m_ReceiveShadows: 0
  m_DynamicOccludee: 1
  m_MotionVectors: 1
  m_LightProbeUsage: 1
  m_ReflectionProbeUsage: 1
  m_RenderingLayerMask: 1
  m_RendererPriority: 0
  m_Materials:
  - {fileID: 10754, guid: 0000000000000000f000000000000000, type: 0}
  m_StaticBatchInfo:
    firstSubMesh: 0
    subMeshCount: 0
  m_StaticBatchRoot: {fileID: 0}
  m_ProbeAnchor: {fileID: 0}
  m_LightProbeVolumeOverride: {fileID: 0}
  m_ScaleInLightmap: 1
  m_ReceiveGI: 1
  m_PreserveUVs: 0
  m_IgnoreNormalsForChartDetection: 0
  m_ImportantGI: 0
  m_StitchLightmapSeams: 1
  m_SelectedEditorRenderState: 0
  m_MinimumChartSize: 4
  m_AutoUVMaxDistance: 0.5
  m_AutoUVMaxAngle: 89
  m_LightmapParameters: {fileID: 0}
  m_SortingLayerID: 0
  m_SortingLayer: 0
  m_SortingOrder: -100
  m_Sprite: {fileID: 21300000, guid: bed85b48a34d5164aa1e52ca8e7c5fd8, type: 3}
  m_Color: {r: 1, g: 1, b: 1, a: 1}
  m_FlipX: 0
  m_FlipY: 0
  m_DrawMode: 0
  m_Size: {x: 1, y: 1}
  m_AdaptiveModeThreshold: 0.5
  m_SpriteTileMode: 0
  m_WasSpriteAssigned: 1
  m_MaskInteraction: 0
  m_SpriteSortPoint: 0
--- !u!1 &316775160
GameObject:
  m_ObjectHideFlags: 0
  m_CorrespondingSourceObject: {fileID: 0}
  m_PrefabInstance: {fileID: 0}
  m_PrefabAsset: {fileID: 0}
  serializedVersion: 6
  m_Component:
  - component: {fileID: 316775162}
  - component: {fileID: 316775161}
  m_Layer: 0
  m_Name: Waypoint (3)
  m_TagString: Untagged
  m_Icon: {fileID: 0}
  m_NavMeshLayer: 0
  m_StaticEditorFlags: 0
  m_IsActive: 1
--- !u!212 &316775161
SpriteRenderer:
  m_ObjectHideFlags: 0
  m_CorrespondingSourceObject: {fileID: 0}
  m_PrefabInstance: {fileID: 0}
  m_PrefabAsset: {fileID: 0}
  m_GameObject: {fileID: 316775160}
  m_Enabled: 1
  m_CastShadows: 0
  m_ReceiveShadows: 0
  m_DynamicOccludee: 1
  m_MotionVectors: 1
  m_LightProbeUsage: 1
  m_ReflectionProbeUsage: 1
  m_RenderingLayerMask: 1
  m_RendererPriority: 0
  m_Materials:
  - {fileID: 10754, guid: 0000000000000000f000000000000000, type: 0}
  m_StaticBatchInfo:
    firstSubMesh: 0
    subMeshCount: 0
  m_StaticBatchRoot: {fileID: 0}
  m_ProbeAnchor: {fileID: 0}
  m_LightProbeVolumeOverride: {fileID: 0}
  m_ScaleInLightmap: 1
  m_ReceiveGI: 1
  m_PreserveUVs: 0
  m_IgnoreNormalsForChartDetection: 0
  m_ImportantGI: 0
  m_StitchLightmapSeams: 1
  m_SelectedEditorRenderState: 0
  m_MinimumChartSize: 4
  m_AutoUVMaxDistance: 0.5
  m_AutoUVMaxAngle: 89
  m_LightmapParameters: {fileID: 0}
  m_SortingLayerID: 0
  m_SortingLayer: 0
  m_SortingOrder: 0
  m_Sprite: {fileID: 10913, guid: 0000000000000000f000000000000000, type: 0}
  m_Color: {r: 1, g: 1, b: 1, a: 1}
  m_FlipX: 0
  m_FlipY: 0
  m_DrawMode: 0
  m_Size: {x: 0.2, y: 0.2}
  m_AdaptiveModeThreshold: 0.5
  m_SpriteTileMode: 0
  m_WasSpriteAssigned: 1
  m_MaskInteraction: 0
  m_SpriteSortPoint: 0
--- !u!4 &316775162
Transform:
  m_ObjectHideFlags: 0
  m_CorrespondingSourceObject: {fileID: 0}
  m_PrefabInstance: {fileID: 0}
  m_PrefabAsset: {fileID: 0}
  m_GameObject: {fileID: 316775160}
  m_LocalRotation: {x: 0, y: 0, z: 0, w: 1}
  m_LocalPosition: {x: 5.92, y: -3.58, z: 0}
  m_LocalScale: {x: 0.5, y: 0.5, z: 1}
  m_Children: []
  m_Father: {fileID: 0}
  m_RootOrder: 13
  m_LocalEulerAnglesHint: {x: 0, y: 0, z: 0}
--- !u!1 &519420028
GameObject:
  m_ObjectHideFlags: 0
  m_CorrespondingSourceObject: {fileID: 0}
  m_PrefabInstance: {fileID: 0}
  m_PrefabAsset: {fileID: 0}
  serializedVersion: 6
  m_Component:
  - component: {fileID: 519420032}
  - component: {fileID: 519420031}
  - component: {fileID: 519420029}
  m_Layer: 0
  m_Name: Main Camera
  m_TagString: MainCamera
  m_Icon: {fileID: 0}
  m_NavMeshLayer: 0
  m_StaticEditorFlags: 0
  m_IsActive: 1
--- !u!81 &519420029
AudioListener:
  m_ObjectHideFlags: 0
  m_CorrespondingSourceObject: {fileID: 0}
  m_PrefabInstance: {fileID: 0}
  m_PrefabAsset: {fileID: 0}
  m_GameObject: {fileID: 519420028}
  m_Enabled: 1
--- !u!20 &519420031
Camera:
  m_ObjectHideFlags: 0
  m_CorrespondingSourceObject: {fileID: 0}
  m_PrefabInstance: {fileID: 0}
  m_PrefabAsset: {fileID: 0}
  m_GameObject: {fileID: 519420028}
  m_Enabled: 1
  serializedVersion: 2
  m_ClearFlags: 2
  m_BackGroundColor: {r: 0.19215687, g: 0.3019608, b: 0.4745098, a: 0}
  m_projectionMatrixMode: 1
  m_GateFitMode: 2
  m_FOVAxisMode: 0
  m_SensorSize: {x: 36, y: 24}
  m_LensShift: {x: 0, y: 0}
  m_FocalLength: 50
  m_NormalizedViewPortRect:
    serializedVersion: 2
    x: 0
    y: 0
    width: 1
    height: 1
  near clip plane: 0.3
  far clip plane: 1000
  field of view: 60
  orthographic: 1
  orthographic size: 5
  m_Depth: -1
  m_CullingMask:
    serializedVersion: 2
    m_Bits: 4294967295
  m_RenderingPath: -1
  m_TargetTexture: {fileID: 0}
  m_TargetDisplay: 0
  m_TargetEye: 0
  m_HDR: 1
  m_AllowMSAA: 0
  m_AllowDynamicResolution: 0
  m_ForceIntoRT: 0
  m_OcclusionCulling: 0
  m_StereoConvergence: 10
  m_StereoSeparation: 0.022
--- !u!4 &519420032
Transform:
  m_ObjectHideFlags: 0
  m_CorrespondingSourceObject: {fileID: 0}
  m_PrefabInstance: {fileID: 0}
  m_PrefabAsset: {fileID: 0}
  m_GameObject: {fileID: 519420028}
  m_LocalRotation: {x: 0, y: 0, z: 0, w: 1}
  m_LocalPosition: {x: 0, y: 0, z: -10}
  m_LocalScale: {x: 1, y: 1, z: 1}
  m_Children: []
  m_Father: {fileID: 0}
  m_RootOrder: 0
  m_LocalEulerAnglesHint: {x: 0, y: 0, z: 0}
--- !u!1 &1069826244
GameObject:
  m_ObjectHideFlags: 0
  m_CorrespondingSourceObject: {fileID: 0}
  m_PrefabInstance: {fileID: 0}
  m_PrefabAsset: {fileID: 0}
  serializedVersion: 6
  m_Component:
  - component: {fileID: 1069826246}
  - component: {fileID: 1069826245}
  m_Layer: 0
  m_Name: Waypoint (2)
  m_TagString: Untagged
  m_Icon: {fileID: 0}
  m_NavMeshLayer: 0
  m_StaticEditorFlags: 0
  m_IsActive: 1
--- !u!212 &1069826245
SpriteRenderer:
  m_ObjectHideFlags: 0
  m_CorrespondingSourceObject: {fileID: 0}
  m_PrefabInstance: {fileID: 0}
  m_PrefabAsset: {fileID: 0}
  m_GameObject: {fileID: 1069826244}
  m_Enabled: 1
  m_CastShadows: 0
  m_ReceiveShadows: 0
  m_DynamicOccludee: 1
  m_MotionVectors: 1
  m_LightProbeUsage: 1
  m_ReflectionProbeUsage: 1
  m_RenderingLayerMask: 1
  m_RendererPriority: 0
  m_Materials:
  - {fileID: 10754, guid: 0000000000000000f000000000000000, type: 0}
  m_StaticBatchInfo:
    firstSubMesh: 0
    subMeshCount: 0
  m_StaticBatchRoot: {fileID: 0}
  m_ProbeAnchor: {fileID: 0}
  m_LightProbeVolumeOverride: {fileID: 0}
  m_ScaleInLightmap: 1
  m_ReceiveGI: 1
  m_PreserveUVs: 0
  m_IgnoreNormalsForChartDetection: 0
  m_ImportantGI: 0
  m_StitchLightmapSeams: 1
  m_SelectedEditorRenderState: 0
  m_MinimumChartSize: 4
  m_AutoUVMaxDistance: 0.5
  m_AutoUVMaxAngle: 89
  m_LightmapParameters: {fileID: 0}
  m_SortingLayerID: 0
  m_SortingLayer: 0
  m_SortingOrder: 0
  m_Sprite: {fileID: 10913, guid: 0000000000000000f000000000000000, type: 0}
  m_Color: {r: 1, g: 1, b: 1, a: 1}
  m_FlipX: 0
  m_FlipY: 0
  m_DrawMode: 0
  m_Size: {x: 0.2, y: 0.2}
  m_AdaptiveModeThreshold: 0.5
  m_SpriteTileMode: 0
  m_WasSpriteAssigned: 1
  m_MaskInteraction: 0
  m_SpriteSortPoint: 0
--- !u!4 &1069826246
Transform:
  m_ObjectHideFlags: 0
  m_CorrespondingSourceObject: {fileID: 0}
  m_PrefabInstance: {fileID: 0}
  m_PrefabAsset: {fileID: 0}
  m_GameObject: {fileID: 1069826244}
  m_LocalRotation: {x: 0, y: 0, z: 0, w: 1}
  m_LocalPosition: {x: 3.06, y: 1.27, z: 0}
  m_LocalScale: {x: 0.5, y: 0.5, z: 1}
  m_Children: []
  m_Father: {fileID: 0}
  m_RootOrder: 11
  m_LocalEulerAnglesHint: {x: 0, y: 0, z: 0}
--- !u!1001 &1152356350
PrefabInstance:
  m_ObjectHideFlags: 0
  serializedVersion: 2
  m_Modification:
    m_TransformParent: {fileID: 0}
    m_Modifications:
    - target: {fileID: 3787859551089969597, guid: f5777dd692e236c48b329ef8b6c318db,
        type: 3}
      propertyPath: m_Name
      value: Extractor
      objectReference: {fileID: 0}
    - target: {fileID: 8813126460192445273, guid: f5777dd692e236c48b329ef8b6c318db,
        type: 3}
      propertyPath: m_LocalPosition.x
      value: -9.935055
      objectReference: {fileID: 0}
    - target: {fileID: 8813126460192445273, guid: f5777dd692e236c48b329ef8b6c318db,
        type: 3}
      propertyPath: m_LocalPosition.y
      value: -5.640066
      objectReference: {fileID: 0}
    - target: {fileID: 8813126460192445273, guid: f5777dd692e236c48b329ef8b6c318db,
        type: 3}
      propertyPath: m_LocalPosition.z
      value: -3.9146976
      objectReference: {fileID: 0}
    - target: {fileID: 8813126460192445273, guid: f5777dd692e236c48b329ef8b6c318db,
        type: 3}
      propertyPath: m_LocalRotation.x
      value: 0
      objectReference: {fileID: 0}
    - target: {fileID: 8813126460192445273, guid: f5777dd692e236c48b329ef8b6c318db,
        type: 3}
      propertyPath: m_LocalRotation.y
      value: 0
      objectReference: {fileID: 0}
    - target: {fileID: 8813126460192445273, guid: f5777dd692e236c48b329ef8b6c318db,
        type: 3}
      propertyPath: m_LocalRotation.z
      value: 0
      objectReference: {fileID: 0}
    - target: {fileID: 8813126460192445273, guid: f5777dd692e236c48b329ef8b6c318db,
        type: 3}
      propertyPath: m_LocalRotation.w
      value: 1
      objectReference: {fileID: 0}
    - target: {fileID: 8813126460192445273, guid: f5777dd692e236c48b329ef8b6c318db,
        type: 3}
      propertyPath: m_RootOrder
      value: 2
      objectReference: {fileID: 0}
    - target: {fileID: 8813126460192445273, guid: f5777dd692e236c48b329ef8b6c318db,
        type: 3}
      propertyPath: m_LocalEulerAnglesHint.x
      value: 0
      objectReference: {fileID: 0}
    - target: {fileID: 8813126460192445273, guid: f5777dd692e236c48b329ef8b6c318db,
        type: 3}
      propertyPath: m_LocalEulerAnglesHint.y
      value: 0
      objectReference: {fileID: 0}
    - target: {fileID: 8813126460192445273, guid: f5777dd692e236c48b329ef8b6c318db,
        type: 3}
      propertyPath: m_LocalEulerAnglesHint.z
      value: 0
      objectReference: {fileID: 0}
    - target: {fileID: 8128289148679272881, guid: f5777dd692e236c48b329ef8b6c318db,
        type: 3}
      propertyPath: m_LinearDrag
      value: 10
      objectReference: {fileID: 0}
    - target: {fileID: 8128289148679272881, guid: f5777dd692e236c48b329ef8b6c318db,
        type: 3}
      propertyPath: m_AngularDrag
      value: 2
      objectReference: {fileID: 0}
    m_RemovedComponents: []
  m_SourcePrefab: {fileID: 100100000, guid: f5777dd692e236c48b329ef8b6c318db, type: 3}
--- !u!1001 &1343879774
PrefabInstance:
  m_ObjectHideFlags: 0
  serializedVersion: 2
  m_Modification:
    m_TransformParent: {fileID: 0}
    m_Modifications:
    - target: {fileID: 1541312618631639189, guid: a0fcb80e06f363645827684c0aa7de7f,
        type: 3}
      propertyPath: m_Name
      value: StatsTracker
      objectReference: {fileID: 0}
    - target: {fileID: 1541312618631639191, guid: a0fcb80e06f363645827684c0aa7de7f,
        type: 3}
      propertyPath: m_LocalPosition.x
      value: 4.751637
      objectReference: {fileID: 0}
    - target: {fileID: 1541312618631639191, guid: a0fcb80e06f363645827684c0aa7de7f,
        type: 3}
      propertyPath: m_LocalPosition.y
      value: 5.299587
      objectReference: {fileID: 0}
    - target: {fileID: 1541312618631639191, guid: a0fcb80e06f363645827684c0aa7de7f,
        type: 3}
      propertyPath: m_LocalPosition.z
      value: -3.9146976
      objectReference: {fileID: 0}
    - target: {fileID: 1541312618631639191, guid: a0fcb80e06f363645827684c0aa7de7f,
        type: 3}
      propertyPath: m_LocalRotation.x
      value: 0
      objectReference: {fileID: 0}
    - target: {fileID: 1541312618631639191, guid: a0fcb80e06f363645827684c0aa7de7f,
        type: 3}
      propertyPath: m_LocalRotation.y
      value: 0
      objectReference: {fileID: 0}
    - target: {fileID: 1541312618631639191, guid: a0fcb80e06f363645827684c0aa7de7f,
        type: 3}
      propertyPath: m_LocalRotation.z
      value: 0
      objectReference: {fileID: 0}
    - target: {fileID: 1541312618631639191, guid: a0fcb80e06f363645827684c0aa7de7f,
        type: 3}
      propertyPath: m_LocalRotation.w
      value: 1
      objectReference: {fileID: 0}
    - target: {fileID: 1541312618631639191, guid: a0fcb80e06f363645827684c0aa7de7f,
        type: 3}
      propertyPath: m_RootOrder
      value: 6
      objectReference: {fileID: 0}
    - target: {fileID: 1541312618631639191, guid: a0fcb80e06f363645827684c0aa7de7f,
        type: 3}
      propertyPath: m_LocalEulerAnglesHint.x
      value: 0
      objectReference: {fileID: 0}
    - target: {fileID: 1541312618631639191, guid: a0fcb80e06f363645827684c0aa7de7f,
        type: 3}
      propertyPath: m_LocalEulerAnglesHint.y
      value: 0
      objectReference: {fileID: 0}
    - target: {fileID: 1541312618631639191, guid: a0fcb80e06f363645827684c0aa7de7f,
        type: 3}
      propertyPath: m_LocalEulerAnglesHint.z
      value: 0
      objectReference: {fileID: 0}
    m_RemovedComponents: []
  m_SourcePrefab: {fileID: 100100000, guid: a0fcb80e06f363645827684c0aa7de7f, type: 3}
--- !u!1 &1452892019
GameObject:
  m_ObjectHideFlags: 0
  m_CorrespondingSourceObject: {fileID: 0}
  m_PrefabInstance: {fileID: 0}
  m_PrefabAsset: {fileID: 0}
  serializedVersion: 6
  m_Component:
  - component: {fileID: 1452892021}
  - component: {fileID: 1452892020}
  m_Layer: 0
  m_Name: Waypoint (1)
  m_TagString: Untagged
  m_Icon: {fileID: 0}
  m_NavMeshLayer: 0
  m_StaticEditorFlags: 0
  m_IsActive: 1
--- !u!212 &1452892020
SpriteRenderer:
  m_ObjectHideFlags: 0
  m_CorrespondingSourceObject: {fileID: 0}
  m_PrefabInstance: {fileID: 0}
  m_PrefabAsset: {fileID: 0}
  m_GameObject: {fileID: 1452892019}
  m_Enabled: 1
  m_CastShadows: 0
  m_ReceiveShadows: 0
  m_DynamicOccludee: 1
  m_MotionVectors: 1
  m_LightProbeUsage: 1
  m_ReflectionProbeUsage: 1
  m_RenderingLayerMask: 1
  m_RendererPriority: 0
  m_Materials:
  - {fileID: 10754, guid: 0000000000000000f000000000000000, type: 0}
  m_StaticBatchInfo:
    firstSubMesh: 0
    subMeshCount: 0
  m_StaticBatchRoot: {fileID: 0}
  m_ProbeAnchor: {fileID: 0}
  m_LightProbeVolumeOverride: {fileID: 0}
  m_ScaleInLightmap: 1
  m_ReceiveGI: 1
  m_PreserveUVs: 0
  m_IgnoreNormalsForChartDetection: 0
  m_ImportantGI: 0
  m_StitchLightmapSeams: 1
  m_SelectedEditorRenderState: 0
  m_MinimumChartSize: 4
  m_AutoUVMaxDistance: 0.5
  m_AutoUVMaxAngle: 89
  m_LightmapParameters: {fileID: 0}
  m_SortingLayerID: 0
  m_SortingLayer: 0
  m_SortingOrder: 0
  m_Sprite: {fileID: 10913, guid: 0000000000000000f000000000000000, type: 0}
  m_Color: {r: 1, g: 1, b: 1, a: 1}
  m_FlipX: 0
  m_FlipY: 0
  m_DrawMode: 0
  m_Size: {x: 0.2, y: 0.2}
  m_AdaptiveModeThreshold: 0.5
  m_SpriteTileMode: 0
  m_WasSpriteAssigned: 1
  m_MaskInteraction: 0
  m_SpriteSortPoint: 0
--- !u!4 &1452892021
Transform:
  m_ObjectHideFlags: 0
  m_CorrespondingSourceObject: {fileID: 0}
  m_PrefabInstance: {fileID: 0}
  m_PrefabAsset: {fileID: 0}
  m_GameObject: {fileID: 1452892019}
  m_LocalRotation: {x: 0, y: 0, z: 0, w: 1}
  m_LocalPosition: {x: -1.89, y: 2.2, z: 0}
  m_LocalScale: {x: 0.5, y: 0.5, z: 1}
  m_Children: []
  m_Father: {fileID: 0}
  m_RootOrder: 9
  m_LocalEulerAnglesHint: {x: 0, y: 0, z: 0}
--- !u!1001 &1478828608
PrefabInstance:
  m_ObjectHideFlags: 0
  serializedVersion: 2
  m_Modification:
    m_TransformParent: {fileID: 0}
    m_Modifications:
    - target: {fileID: 7345046901897519451, guid: 533b5040fbec84249940a3d9b06a66c9,
        type: 3}
      propertyPath: m_Name
      value: PointDefenseTower
      objectReference: {fileID: 0}
    - target: {fileID: 7345046901897519452, guid: 533b5040fbec84249940a3d9b06a66c9,
        type: 3}
      propertyPath: m_LocalPosition.x
      value: -8.54
      objectReference: {fileID: 0}
    - target: {fileID: 7345046901897519452, guid: 533b5040fbec84249940a3d9b06a66c9,
        type: 3}
      propertyPath: m_LocalPosition.y
      value: -4.65
      objectReference: {fileID: 0}
    - target: {fileID: 7345046901897519452, guid: 533b5040fbec84249940a3d9b06a66c9,
        type: 3}
      propertyPath: m_LocalPosition.z
      value: -1.8576524
      objectReference: {fileID: 0}
    - target: {fileID: 7345046901897519452, guid: 533b5040fbec84249940a3d9b06a66c9,
        type: 3}
      propertyPath: m_LocalRotation.x
      value: 0
      objectReference: {fileID: 0}
    - target: {fileID: 7345046901897519452, guid: 533b5040fbec84249940a3d9b06a66c9,
        type: 3}
      propertyPath: m_LocalRotation.y
      value: 0
      objectReference: {fileID: 0}
    - target: {fileID: 7345046901897519452, guid: 533b5040fbec84249940a3d9b06a66c9,
        type: 3}
      propertyPath: m_LocalRotation.z
      value: 0
      objectReference: {fileID: 0}
    - target: {fileID: 7345046901897519452, guid: 533b5040fbec84249940a3d9b06a66c9,
        type: 3}
      propertyPath: m_LocalRotation.w
      value: 1
      objectReference: {fileID: 0}
    - target: {fileID: 7345046901897519452, guid: 533b5040fbec84249940a3d9b06a66c9,
        type: 3}
      propertyPath: m_RootOrder
      value: 1
      objectReference: {fileID: 0}
    - target: {fileID: 7345046901897519452, guid: 533b5040fbec84249940a3d9b06a66c9,
        type: 3}
      propertyPath: m_LocalEulerAnglesHint.x
      value: 0
      objectReference: {fileID: 0}
    - target: {fileID: 7345046901897519452, guid: 533b5040fbec84249940a3d9b06a66c9,
        type: 3}
      propertyPath: m_LocalEulerAnglesHint.y
      value: 0
      objectReference: {fileID: 0}
    - target: {fileID: 7345046901897519452, guid: 533b5040fbec84249940a3d9b06a66c9,
        type: 3}
      propertyPath: m_LocalEulerAnglesHint.z
      value: 0
      objectReference: {fileID: 0}
    - target: {fileID: 7345046901897519453, guid: 533b5040fbec84249940a3d9b06a66c9,
        type: 3}
      propertyPath: m_Color.r
      value: 1
      objectReference: {fileID: 0}
    - target: {fileID: 7345046901897519453, guid: 533b5040fbec84249940a3d9b06a66c9,
        type: 3}
      propertyPath: m_Color.g
      value: 1
      objectReference: {fileID: 0}
    - target: {fileID: 7345046901897519453, guid: 533b5040fbec84249940a3d9b06a66c9,
        type: 3}
      propertyPath: m_Color.b
      value: 1
      objectReference: {fileID: 0}
    - target: {fileID: 7345046901897519455, guid: 533b5040fbec84249940a3d9b06a66c9,
        type: 3}
      propertyPath: knockbackForce
      value: 0.3
      objectReference: {fileID: 0}
    - target: {fileID: 7345046901897519455, guid: 533b5040fbec84249940a3d9b06a66c9,
        type: 3}
      propertyPath: attackRadius
      value: 3
      objectReference: {fileID: 0}
    - target: {fileID: 2955388133132487549, guid: 533b5040fbec84249940a3d9b06a66c9,
        type: 3}
      propertyPath: m_LocalRotation.z
      value: 0
      objectReference: {fileID: 0}
    - target: {fileID: 2955388133132487549, guid: 533b5040fbec84249940a3d9b06a66c9,
        type: 3}
      propertyPath: m_LocalRotation.w
      value: 1
      objectReference: {fileID: 0}
    - target: {fileID: 2955388133132487549, guid: 533b5040fbec84249940a3d9b06a66c9,
        type: 3}
      propertyPath: m_LocalEulerAnglesHint.z
      value: 0
      objectReference: {fileID: 0}
    - target: {fileID: 2955388133132487549, guid: 533b5040fbec84249940a3d9b06a66c9,
        type: 3}
      propertyPath: m_LocalScale.z
      value: 1
      objectReference: {fileID: 0}
    - target: {fileID: 2955388133132487549, guid: 533b5040fbec84249940a3d9b06a66c9,
        type: 3}
      propertyPath: m_LocalScale.y
      value: -1
      objectReference: {fileID: 0}
    - target: {fileID: 2211262390951610033, guid: 533b5040fbec84249940a3d9b06a66c9,
        type: 3}
      propertyPath: m_Sprite
      value: 
      objectReference: {fileID: 21300000, guid: fa99c626286a0104bac7be6b4288ca29,
        type: 3}
    m_RemovedComponents: []
  m_SourcePrefab: {fileID: 100100000, guid: 533b5040fbec84249940a3d9b06a66c9, type: 3}
--- !u!1001 &1623097060
PrefabInstance:
  m_ObjectHideFlags: 0
  serializedVersion: 2
  m_Modification:
    m_TransformParent: {fileID: 0}
    m_Modifications:
    - target: {fileID: 2396748159263601713, guid: da02edbcbd22bfe4d90ff3b8467f5cd8,
        type: 3}
      propertyPath: m_Name
      value: ProjectileTower (2)
      objectReference: {fileID: 0}
    - target: {fileID: 2396748159263601718, guid: da02edbcbd22bfe4d90ff3b8467f5cd8,
        type: 3}
      propertyPath: m_LocalPosition.x
      value: -0.30518913
      objectReference: {fileID: 0}
    - target: {fileID: 2396748159263601718, guid: da02edbcbd22bfe4d90ff3b8467f5cd8,
        type: 3}
      propertyPath: m_LocalPosition.y
      value: 4.1561537
      objectReference: {fileID: 0}
    - target: {fileID: 2396748159263601718, guid: da02edbcbd22bfe4d90ff3b8467f5cd8,
        type: 3}
      propertyPath: m_LocalPosition.z
      value: -1.8576524
      objectReference: {fileID: 0}
    - target: {fileID: 2396748159263601718, guid: da02edbcbd22bfe4d90ff3b8467f5cd8,
        type: 3}
      propertyPath: m_LocalRotation.x
      value: 0
      objectReference: {fileID: 0}
    - target: {fileID: 2396748159263601718, guid: da02edbcbd22bfe4d90ff3b8467f5cd8,
        type: 3}
      propertyPath: m_LocalRotation.y
      value: 0
      objectReference: {fileID: 0}
    - target: {fileID: 2396748159263601718, guid: da02edbcbd22bfe4d90ff3b8467f5cd8,
        type: 3}
      propertyPath: m_LocalRotation.z
      value: 0
      objectReference: {fileID: 0}
    - target: {fileID: 2396748159263601718, guid: da02edbcbd22bfe4d90ff3b8467f5cd8,
        type: 3}
      propertyPath: m_LocalRotation.w
      value: 1
      objectReference: {fileID: 0}
    - target: {fileID: 2396748159263601718, guid: da02edbcbd22bfe4d90ff3b8467f5cd8,
        type: 3}
      propertyPath: m_RootOrder
      value: 3
      objectReference: {fileID: 0}
    - target: {fileID: 2396748159263601718, guid: da02edbcbd22bfe4d90ff3b8467f5cd8,
        type: 3}
      propertyPath: m_LocalEulerAnglesHint.x
      value: 0
      objectReference: {fileID: 0}
    - target: {fileID: 2396748159263601718, guid: da02edbcbd22bfe4d90ff3b8467f5cd8,
        type: 3}
      propertyPath: m_LocalEulerAnglesHint.y
      value: 0
      objectReference: {fileID: 0}
    - target: {fileID: 2396748159263601718, guid: da02edbcbd22bfe4d90ff3b8467f5cd8,
        type: 3}
      propertyPath: m_LocalEulerAnglesHint.z
      value: 0
      objectReference: {fileID: 0}
    m_RemovedComponents: []
  m_SourcePrefab: {fileID: 100100000, guid: da02edbcbd22bfe4d90ff3b8467f5cd8, type: 3}
--- !u!1001 &1670847217
PrefabInstance:
  m_ObjectHideFlags: 0
  serializedVersion: 2
  m_Modification:
    m_TransformParent: {fileID: 0}
    m_Modifications:
    - target: {fileID: 2396748159263601713, guid: da02edbcbd22bfe4d90ff3b8467f5cd8,
        type: 3}
      propertyPath: m_Name
      value: ProjectileTower (1)
      objectReference: {fileID: 0}
    - target: {fileID: 2396748159263601718, guid: da02edbcbd22bfe4d90ff3b8467f5cd8,
        type: 3}
      propertyPath: m_LocalPosition.x
      value: -2.8893552
      objectReference: {fileID: 0}
    - target: {fileID: 2396748159263601718, guid: da02edbcbd22bfe4d90ff3b8467f5cd8,
        type: 3}
      propertyPath: m_LocalPosition.y
      value: 3.7792957
      objectReference: {fileID: 0}
    - target: {fileID: 2396748159263601718, guid: da02edbcbd22bfe4d90ff3b8467f5cd8,
        type: 3}
      propertyPath: m_LocalPosition.z
      value: -1.8576524
      objectReference: {fileID: 0}
    - target: {fileID: 2396748159263601718, guid: da02edbcbd22bfe4d90ff3b8467f5cd8,
        type: 3}
      propertyPath: m_LocalRotation.x
      value: 0
      objectReference: {fileID: 0}
    - target: {fileID: 2396748159263601718, guid: da02edbcbd22bfe4d90ff3b8467f5cd8,
        type: 3}
      propertyPath: m_LocalRotation.y
      value: 0
      objectReference: {fileID: 0}
    - target: {fileID: 2396748159263601718, guid: da02edbcbd22bfe4d90ff3b8467f5cd8,
        type: 3}
      propertyPath: m_LocalRotation.z
      value: 0
      objectReference: {fileID: 0}
    - target: {fileID: 2396748159263601718, guid: da02edbcbd22bfe4d90ff3b8467f5cd8,
        type: 3}
      propertyPath: m_LocalRotation.w
      value: 1
      objectReference: {fileID: 0}
    - target: {fileID: 2396748159263601718, guid: da02edbcbd22bfe4d90ff3b8467f5cd8,
        type: 3}
      propertyPath: m_RootOrder
      value: 4
      objectReference: {fileID: 0}
    - target: {fileID: 2396748159263601718, guid: da02edbcbd22bfe4d90ff3b8467f5cd8,
        type: 3}
      propertyPath: m_LocalEulerAnglesHint.x
      value: 0
      objectReference: {fileID: 0}
    - target: {fileID: 2396748159263601718, guid: da02edbcbd22bfe4d90ff3b8467f5cd8,
        type: 3}
      propertyPath: m_LocalEulerAnglesHint.y
      value: 0
      objectReference: {fileID: 0}
    - target: {fileID: 2396748159263601718, guid: da02edbcbd22bfe4d90ff3b8467f5cd8,
        type: 3}
      propertyPath: m_LocalEulerAnglesHint.z
      value: 0
      objectReference: {fileID: 0}
    m_RemovedComponents: []
  m_SourcePrefab: {fileID: 100100000, guid: da02edbcbd22bfe4d90ff3b8467f5cd8, type: 3}
--- !u!1001 &1890362249
PrefabInstance:
  m_ObjectHideFlags: 0
  serializedVersion: 2
  m_Modification:
    m_TransformParent: {fileID: 0}
    m_Modifications:
    - target: {fileID: 2396748159263601713, guid: da02edbcbd22bfe4d90ff3b8467f5cd8,
        type: 3}
      propertyPath: m_Name
      value: ProjectileTower
      objectReference: {fileID: 0}
    - target: {fileID: 2396748159263601718, guid: da02edbcbd22bfe4d90ff3b8467f5cd8,
        type: 3}
      propertyPath: m_LocalPosition.x
      value: -5.47
      objectReference: {fileID: 0}
    - target: {fileID: 2396748159263601718, guid: da02edbcbd22bfe4d90ff3b8467f5cd8,
        type: 3}
      propertyPath: m_LocalPosition.y
      value: 4.38
      objectReference: {fileID: 0}
    - target: {fileID: 2396748159263601718, guid: da02edbcbd22bfe4d90ff3b8467f5cd8,
        type: 3}
      propertyPath: m_LocalPosition.z
      value: -1.8576524
      objectReference: {fileID: 0}
    - target: {fileID: 2396748159263601718, guid: da02edbcbd22bfe4d90ff3b8467f5cd8,
        type: 3}
      propertyPath: m_LocalRotation.x
      value: 0
      objectReference: {fileID: 0}
    - target: {fileID: 2396748159263601718, guid: da02edbcbd22bfe4d90ff3b8467f5cd8,
        type: 3}
      propertyPath: m_LocalRotation.y
      value: 0
      objectReference: {fileID: 0}
    - target: {fileID: 2396748159263601718, guid: da02edbcbd22bfe4d90ff3b8467f5cd8,
        type: 3}
      propertyPath: m_LocalRotation.z
      value: 0
      objectReference: {fileID: 0}
    - target: {fileID: 2396748159263601718, guid: da02edbcbd22bfe4d90ff3b8467f5cd8,
        type: 3}
      propertyPath: m_LocalRotation.w
      value: 1
      objectReference: {fileID: 0}
    - target: {fileID: 2396748159263601718, guid: da02edbcbd22bfe4d90ff3b8467f5cd8,
        type: 3}
      propertyPath: m_RootOrder
      value: 5
      objectReference: {fileID: 0}
    - target: {fileID: 2396748159263601718, guid: da02edbcbd22bfe4d90ff3b8467f5cd8,
        type: 3}
      propertyPath: m_LocalEulerAnglesHint.x
      value: 0
      objectReference: {fileID: 0}
    - target: {fileID: 2396748159263601718, guid: da02edbcbd22bfe4d90ff3b8467f5cd8,
        type: 3}
      propertyPath: m_LocalEulerAnglesHint.y
      value: 0
      objectReference: {fileID: 0}
    - target: {fileID: 2396748159263601718, guid: da02edbcbd22bfe4d90ff3b8467f5cd8,
        type: 3}
      propertyPath: m_LocalEulerAnglesHint.z
      value: 0
      objectReference: {fileID: 0}
    m_RemovedComponents: []
  m_SourcePrefab: {fileID: 100100000, guid: da02edbcbd22bfe4d90ff3b8467f5cd8, type: 3}
--- !u!1001 &1905377962
PrefabInstance:
  m_ObjectHideFlags: 0
  serializedVersion: 2
  m_Modification:
    m_TransformParent: {fileID: 0}
    m_Modifications:
    - target: {fileID: 2396748159263601713, guid: da02edbcbd22bfe4d90ff3b8467f5cd8,
        type: 3}
      propertyPath: m_Name
      value: ProjectileTower (4)
      objectReference: {fileID: 0}
    - target: {fileID: 2396748159263601718, guid: da02edbcbd22bfe4d90ff3b8467f5cd8,
        type: 3}
      propertyPath: m_LocalPosition.x
      value: -10.42
      objectReference: {fileID: 0}
    - target: {fileID: 2396748159263601718, guid: da02edbcbd22bfe4d90ff3b8467f5cd8,
        type: 3}
      propertyPath: m_LocalPosition.y
      value: -3.89
      objectReference: {fileID: 0}
    - target: {fileID: 2396748159263601718, guid: da02edbcbd22bfe4d90ff3b8467f5cd8,
        type: 3}
      propertyPath: m_LocalPosition.z
      value: -1.8576524
      objectReference: {fileID: 0}
    - target: {fileID: 2396748159263601718, guid: da02edbcbd22bfe4d90ff3b8467f5cd8,
        type: 3}
      propertyPath: m_LocalRotation.x
      value: 0
      objectReference: {fileID: 0}
    - target: {fileID: 2396748159263601718, guid: da02edbcbd22bfe4d90ff3b8467f5cd8,
        type: 3}
      propertyPath: m_LocalRotation.y
      value: 0
      objectReference: {fileID: 0}
    - target: {fileID: 2396748159263601718, guid: da02edbcbd22bfe4d90ff3b8467f5cd8,
        type: 3}
      propertyPath: m_LocalRotation.z
      value: 0
      objectReference: {fileID: 0}
    - target: {fileID: 2396748159263601718, guid: da02edbcbd22bfe4d90ff3b8467f5cd8,
        type: 3}
      propertyPath: m_LocalRotation.w
      value: 1
      objectReference: {fileID: 0}
    - target: {fileID: 2396748159263601718, guid: da02edbcbd22bfe4d90ff3b8467f5cd8,
        type: 3}
      propertyPath: m_RootOrder
      value: 12
      objectReference: {fileID: 0}
    - target: {fileID: 2396748159263601718, guid: da02edbcbd22bfe4d90ff3b8467f5cd8,
        type: 3}
      propertyPath: m_LocalEulerAnglesHint.x
      value: 0
      objectReference: {fileID: 0}
    - target: {fileID: 2396748159263601718, guid: da02edbcbd22bfe4d90ff3b8467f5cd8,
        type: 3}
      propertyPath: m_LocalEulerAnglesHint.y
      value: 0
      objectReference: {fileID: 0}
    - target: {fileID: 2396748159263601718, guid: da02edbcbd22bfe4d90ff3b8467f5cd8,
        type: 3}
      propertyPath: m_LocalEulerAnglesHint.z
      value: 0
      objectReference: {fileID: 0}
    m_RemovedComponents: []
  m_SourcePrefab: {fileID: 100100000, guid: da02edbcbd22bfe4d90ff3b8467f5cd8, type: 3}
--- !u!1001 &6065850495482502253
PrefabInstance:
  m_ObjectHideFlags: 0
  serializedVersion: 2
  m_Modification:
    m_TransformParent: {fileID: 0}
    m_Modifications:
    - target: {fileID: 6065850495373851084, guid: 6e07cf35680bee74ab420e55f9ab74b9,
        type: 3}
      propertyPath: m_Name
      value: EnemySpawner
      objectReference: {fileID: 0}
    - target: {fileID: 6065850495373851086, guid: 6e07cf35680bee74ab420e55f9ab74b9,
        type: 3}
      propertyPath: m_LocalPosition.x
      value: 0
      objectReference: {fileID: 0}
    - target: {fileID: 6065850495373851086, guid: 6e07cf35680bee74ab420e55f9ab74b9,
        type: 3}
      propertyPath: m_LocalPosition.y
      value: 0
      objectReference: {fileID: 0}
    - target: {fileID: 6065850495373851086, guid: 6e07cf35680bee74ab420e55f9ab74b9,
        type: 3}
      propertyPath: m_LocalPosition.z
      value: 0
      objectReference: {fileID: 0}
    - target: {fileID: 6065850495373851086, guid: 6e07cf35680bee74ab420e55f9ab74b9,
        type: 3}
      propertyPath: m_LocalRotation.x
      value: 0
      objectReference: {fileID: 0}
    - target: {fileID: 6065850495373851086, guid: 6e07cf35680bee74ab420e55f9ab74b9,
        type: 3}
      propertyPath: m_LocalRotation.y
      value: 0
      objectReference: {fileID: 0}
    - target: {fileID: 6065850495373851086, guid: 6e07cf35680bee74ab420e55f9ab74b9,
        type: 3}
      propertyPath: m_LocalRotation.z
      value: 0
      objectReference: {fileID: 0}
    - target: {fileID: 6065850495373851086, guid: 6e07cf35680bee74ab420e55f9ab74b9,
        type: 3}
      propertyPath: m_LocalRotation.w
      value: 1
      objectReference: {fileID: 0}
    - target: {fileID: 6065850495373851086, guid: 6e07cf35680bee74ab420e55f9ab74b9,
        type: 3}
      propertyPath: m_RootOrder
      value: 7
      objectReference: {fileID: 0}
    - target: {fileID: 6065850495373851086, guid: 6e07cf35680bee74ab420e55f9ab74b9,
        type: 3}
      propertyPath: m_LocalEulerAnglesHint.x
      value: 0
      objectReference: {fileID: 0}
    - target: {fileID: 6065850495373851086, guid: 6e07cf35680bee74ab420e55f9ab74b9,
        type: 3}
      propertyPath: m_LocalEulerAnglesHint.y
      value: 0
      objectReference: {fileID: 0}
    - target: {fileID: 6065850495373851086, guid: 6e07cf35680bee74ab420e55f9ab74b9,
        type: 3}
      propertyPath: m_LocalEulerAnglesHint.z
      value: 0
      objectReference: {fileID: 0}
    - target: {fileID: 6065850495373851086, guid: 6e07cf35680bee74ab420e55f9ab74b9,
        type: 3}
      propertyPath: m_LocalScale.x
      value: 0.1
      objectReference: {fileID: 0}
    - target: {fileID: 6065850495373851086, guid: 6e07cf35680bee74ab420e55f9ab74b9,
        type: 3}
      propertyPath: m_LocalScale.y
      value: 0.1
      objectReference: {fileID: 0}
    - target: {fileID: 6065850495373851087, guid: 6e07cf35680bee74ab420e55f9ab74b9,
        type: 3}
      propertyPath: enemyGroups.Array.size
      value: 4
      objectReference: {fileID: 0}
    - target: {fileID: 6065850495373851087, guid: 6e07cf35680bee74ab420e55f9ab74b9,
        type: 3}
      propertyPath: waypoints.Array.data[0]
      value: 
      objectReference: {fileID: 229666147}
    - target: {fileID: 6065850495373851087, guid: 6e07cf35680bee74ab420e55f9ab74b9,
        type: 3}
      propertyPath: waypoints.Array.data[1]
      value: 
      objectReference: {fileID: 1452892021}
    - target: {fileID: 6065850495373851087, guid: 6e07cf35680bee74ab420e55f9ab74b9,
        type: 3}
      propertyPath: waypoints.Array.data[2]
      value: 
      objectReference: {fileID: 1069826246}
    - target: {fileID: 6065850495373851087, guid: 6e07cf35680bee74ab420e55f9ab74b9,
        type: 3}
      propertyPath: waypoints.Array.data[3]
      value: 
      objectReference: {fileID: 316775162}
    - target: {fileID: 6065850495373851087, guid: 6e07cf35680bee74ab420e55f9ab74b9,
        type: 3}
      propertyPath: enemyGroups.Array.data[1].enemyType
      value: 
      objectReference: {fileID: 6216794377411595891, guid: c1300b158068c984aa1a5f05e147c13b,
        type: 3}
    - target: {fileID: 6065850495373851087, guid: 6e07cf35680bee74ab420e55f9ab74b9,
        type: 3}
      propertyPath: enemyGroups.Array.data[0].amountToSpawn
      value: 3
      objectReference: {fileID: 0}
    - target: {fileID: 6065850495373851087, guid: 6e07cf35680bee74ab420e55f9ab74b9,
        type: 3}
      propertyPath: enemyGroups.Array.data[2].enemyType
      value: 
      objectReference: {fileID: 8776638400980505249, guid: 4153a37734de26745b5957f9fa3d128e,
        type: 3}
    - target: {fileID: 6065850495373851087, guid: 6e07cf35680bee74ab420e55f9ab74b9,
        type: 3}
      propertyPath: enemyGroups.Array.data[2].amountToSpawn
      value: 2
      objectReference: {fileID: 0}
    - target: {fileID: 6065850495373851087, guid: 6e07cf35680bee74ab420e55f9ab74b9,
        type: 3}
      propertyPath: enemyGroups.Array.data[2].spawnTime
      value: 11
      objectReference: {fileID: 0}
    - target: {fileID: 6065850495373851087, guid: 6e07cf35680bee74ab420e55f9ab74b9,
        type: 3}
      propertyPath: enemyGroups.Array.data[1].amountToSpawn
      value: 10
      objectReference: {fileID: 0}
    - target: {fileID: 6065850495373851087, guid: 6e07cf35680bee74ab420e55f9ab74b9,
        type: 3}
      propertyPath: enemyGroups.Array.data[3].enemyType
      value: 
      objectReference: {fileID: 5628338224157319476, guid: 9bf5ce91e272fe24b94a6006dfa52fbb,
        type: 3}
    - target: {fileID: 6065850495373851087, guid: 6e07cf35680bee74ab420e55f9ab74b9,
        type: 3}
      propertyPath: enemyGroups.Array.data[3].amountToSpawn
      value: 5
      objectReference: {fileID: 0}
    - target: {fileID: 6065850495373851087, guid: 6e07cf35680bee74ab420e55f9ab74b9,
        type: 3}
      propertyPath: enemyGroups.Array.data[3].spawnTime
      value: 15
      objectReference: {fileID: 0}
    - target: {fileID: 6065850495373851087, guid: 6e07cf35680bee74ab420e55f9ab74b9,
        type: 3}
      propertyPath: enemyGroups.Array.data[0].enemyType
      value: 
      objectReference: {fileID: 5054912880731240074, guid: 246bd0a7e5d6e1e48b913393d1f9b39f,
        type: 3}
    m_RemovedComponents: []
  m_SourcePrefab: {fileID: 100100000, guid: 6e07cf35680bee74ab420e55f9ab74b9, type: 3}
